<record><leader>00000cas a22000007a 4500</leader><controlfield tag="001">24168173</controlfield><controlfield tag="008">910802d19uu19uuohucr ne      0    0eng d</controlfield><datafield ind1=" " ind2=" " tag="010"><subfield code="a">sn 91069764 </subfield></datafield><datafield ind1=" " ind2=" " tag="040"><subfield code="a">ONP</subfield><subfield code="b">eng</subfield><subfield code="c">ONP</subfield><subfield code="d">OCLCQ</subfield></datafield><datafield ind1=" " ind2=" " tag="042"><subfield code="a">msc</subfield></datafield><datafield ind1="0" ind2="0" tag="245"><subfield code="a">Mingo news.</subfield></datafield><datafield ind1="1" ind2="3" tag="246"><subfield code="a">Mingo Junction news</subfield></datafield><datafield ind1=" " ind2=" " tag="260"><subfield code="a">Mingo Junction, Ohio :</subfield><subfield code="b">Mingo Print. Co.</subfield></datafield><datafield ind1=" " ind2=" " tag="300"><subfield code="a">v.</subfield></datafield><datafield ind1=" " ind2=" " tag="310"><subfield code="a">Semiweekly</subfield></datafield><datafield ind1=" " ind2=" " tag="588"><subfield code="a">Description based on: Vol. 30, no. 1 (Dec. 10, 1935).</subfield></datafield><datafield ind1=" " ind2=" " tag="752"><subfield code="a">United States</subfield><subfield code="b">Ohio</subfield><subfield code="c">Jefferson</subfield><subfield code="d">Mingo Junction.</subfield></datafield></record>